@preamble{ "\newcommand{\noopsort}[1]{} "
	# "\newcommand{\printfirst}[2]{#1} "
	# "\newcommand{\singleletter}[1]{#1} "
	# "\newcommand{\switchargs}[2]{#2#1} " }

@Book{batmendijn_bakalarka,
    author = {Eduard Batmendijn},
    title = {Identifikácia variantov v dátach nanopórového sekvenovania},
    publisher = {},
    year = {2018},
}

@Book{barbora_bakalarka,
    author = {Dávid Barbora},
    title = {Multiple Alignment and Visualization of Nanopore Sequencing Signals},
    publisher = {},
    year = {2018},
}

@article{first_look_minion,
  author = {Mikheyev, Alexander and Tin, Mandy},
  year = {2014},
  month = {09},
  pages = {},
  title = {A first look at the Oxford Nanopore MinION sequencer},
  volume = {14},
  journal = {Molecular Ecology Resources},
  doi = {10.1111/1755-0998.12324}
}

@inproceedings{Gollery2005BioinformaticsSA,
  title={Bioinformatics: Sequence and Genome Analysis, 2nd ed. David W. Mount. Cold Spring Harbor, NY: Cold Spring Harbor Laboratory Press, 2004, 692 pp., \$75.00, paperback. ISBN 0-87969-712-1.},
  author={Martin Gollery},
  year={2005}
}

@inproceedings{toward_accurate__dtw,
  author = {Salvador, Stan and Chan, Philip},
  year = {2004},
  month = {01},
  pages = {70-80},
  title = {FastDTW: Toward Accurate Dynamic Time Warping in Linear Time and Space},
  volume = {11},
  journal = {Intelligent Data Analysis}
}

// TODO: UNUSED
@inproceedings{prefix_suffix_invariant_dtw,
  author = {Silva, Diego and Batista, Gustavo and Keogh, Eamonn},
  year = {2016},
  month = {12},
  pages = {1209-1214},
  title = {Prefix and Suffix Invariant Dynamic Time Warping},
  doi = {10.1109/ICDM.2016.0161}
}

// TODO: UNUSED
@inproceedings{dtw_avarage_faster_accurate,
  author = {F. {Petitjean} and G. {Forestier} and G. I. {Webb} and A. E. {Nicholson} and Y. {Chen} and E. {Keogh}},
  booktitle = {2014 IEEE International Conference on Data Mining},
  title = {Dynamic Time Warping Averaging of Time Series Allows Faster and More Accurate Classification},
  year = {2014},
  volume = {},
  number = {},
  pages = {470-479},
  keywords = {computational complexity;pattern classification;time series;dynamic time warping averaging;time series classification;nearest neighbor algorithm;resource constrained devices;wearable devices;time complexity;warped time series averaging;nearest centroid classifiers;Time series analysis;Accuracy;Classification algorithms;Training;Artificial neural networks;Prototypes;Heuristic algorithms;Time series classification;Dynamic Time Warping;Time series averaging;Nearest Neighbor;Nearest centroid},
  doi = {10.1109/ICDM.2014.27},
  ISSN = {2374-8486},
  month = {Dec}
}

// TODO: UNUSED
@inproceedings{Silva2016OnTE,
  title={On the effect of endpoints on dynamic time warping},
  author={Diego Furtado Silva and Gustavo E. A. P. A. Batista and Eamonn J. Keogh},
  year={2016}
}

@article{NEEDLEMAN1970443,
  title = "A general method applicable to the search for similarities in the amino acid sequence of two proteins",
  journal = "Journal of Molecular Biology",
  volume = "48",
  number = "3",
  pages = "443 - 453",
  year = "1970",
  issn = "0022-2836",
  doi = "https://doi.org/10.1016/0022-2836(70)90057-4",
  url = "http://www.sciencedirect.com/science/article/pii/0022283670900574",
  author = "Saul B. Needleman and Christian D. Wunsch",
  abstract = "A computer adaptable method for finding similarities in the amino acid sequences of two proteins has been developed. From these findings it is possible to determine whether significant homology exists between the proteins. This information is used to trace their possible evolutionary development. The maximum match is a number dependent upon the similarity of the sequences. One of its definitions is the largest number of amino acids of one protein that can be matched with those of a second protein allowing for all possible interruptions in either of the sequences. While the interruptions give rise to a very large number of comparisons, the method efficiently excludes from consideration those comparisons that cannot contribute to the maximum match. Comparisons are made from the smallest unit of significance, a pair of amino acids, one from each protein. All possible pairs are represented by a two-dimensional array, and all possible comparisons are represented by pathways through the array. For this maximum match only certain of the possible pathways must be evaluated. A numerical value, one in this case, is assigned to every cell in the array representing like amino acids. The maximum match is the largest number that would result from summing the cell values of every pathway."
}

@inproceedings{Boes2014ImprovingTN,
  title={Improving the Needleman-Wunsch algorithm with the Dynamine predictor, Informatique},
  author={Olivier Boes and Tom Lenaerts},
  year={2014}
}

article{clanok,
    title = 	{Názov článku z časopisu},
    author =	{X. Autor1 and Y. Autor2},
    journal = {Názov časopisu, ktorý článok uverejnil},
    volume = {4},
    number = {3},
    year = {1900},
    pages = {1-100},
}


techreport{technical_report,
    author =	{X. Autor1 and Y. Autor2},
    title= {Názov technickej správy},
    year={June 1999},
    institution = {Inštitút vydávajúci správu},
    number = {TR123/1999}
}

inproceedings{clanok_na_konferencii,
    author =	{X. Autor1 and Y. Autor2},
    title = {Názov článku (väčšinou z konferencie)},
    booktitle = {Názov zborníka (väčšinou názov konferencie spolu s ročníkom)},
    year = {1900},
    pages = {1-100},
    url = {http://xxx.yyy.com},
}    

misc{smernica,
 title={Vnútorný predpis č. 12/2013,
Smernica rektora {U}niverzity {K}omenského v {B}ratislave
o základných náležitostiach záverečných prác, rigoróznych 
prác a habilitačných prác, kontrole ich  originality, 
uchovávaní a sprístupňovaní  na {U}niverzite {K}omenského v {B}ratislave},
 author={{Univerzita Komenského v Bratislave}},
 year={2013},
 note={\url{https://uniba.sk/fileadmin/ruk/legislativa/2013/Vp_2013_12.pdf}},
}

Book{Oetiker2000,
  author = 	 {Tobias Oetiker and Hubert Partl and Irene Hyna and Elisabeth Schlegl},
  title = 	 {Nie príliš stručný úvod do systému LaTeX2e},
  year = 	 {2002},
  note = {Preklad Ján Buša ml. a st}
}
